@book{pmbok2004,
 title = {A Guide To The Project Management Body Of Knowledge (PMBOK Guides)},
 year = {2004},
 isbn = {193069945X, 9781933890517},
 publisher = {Project Management Institute},
key = {{$\!\!$}} ,
}

@article{melo2014,
title = { Sistemas automatizados: discussões acerca de seus benefícios para as unidades de informação}, 
year = {2014},
author = {MELO NETO J.A.},
note = {Universidade Federal do Rio Grande do Norte},
}

@article{santana2015,
title = {Bibliotecas automatizadas: como as TIC podem auxiliar nesse processo},
year = {2015},
author = {Santana R.},
note = {Universidade Federal da Bahia},
}

@article{fraga2011,
title = {Com mil, universidade dos EUA inaugura biblioteca automatizada},
year = {2011},
author = {Nayara Fraga},
howpublished = "\url{http://economia.estadao.com.br/blogs/radar-tecnologico/com-us-25-mi-universidade-dos-eua-inaugura-biblioteca-automatizada/}",
note = {Acesso em 28 de março de 2017},
}

@book{preece2005,
 title = {Design de Interação},
 year = {2005},
 author = {Jenny Preece, Yvonne Rogers, Helen Sharp},
 publisher = {Bookman},
}
